<?xml version="1.0" encoding="UTF-8"?><collection xmlns="http://www.loc.gov/MARC21/slim"><record><leader>00357nam--2200121-i-4500</leader><controlfield tag="001">000001425</controlfield><controlfield tag="002">20161230</controlfield><controlfield tag="005">20161230201024</controlfield><controlfield tag="008">060222s1000------------r-----000-0-eng-d</controlfield><datafield ind1=" " ind2=" " tag="245"><subfield code="a">Glass science and technology. properties and applications of glass</subfield></datafield><datafield ind1=" " ind2=" " tag="260"><subfield code="a">Amsterdam, Elsevier Scientific Publishing Company, 1980</subfield></datafield><datafield ind1=" " ind2=" " tag="700"><subfield code="a">Harold, Rawson</subfield></datafield><datafield ind1=" " ind2=" " tag="852"><subfield code="a">77298</subfield></datafield></record></collection>